@misc{benjafield2019,
  author = {Benjafield, Adam V and Ayas, Najib T and Eastwood, Peter R and Heinzer, Raphael and Ip, Mary SM and Morrell, Mary J and Nunez, Carlos M and Patel, Sanjay R and Pien, Garun S and Schwab, Richard J and others},
  title = {Estimation of the global prevalence and burden of obstructive sleep apnoea: a literature-based analysis},
  journal = {The Lancet Respiratory Medicine},
  volume = {7},
  number = {8},
  pages = {687--698},
  year = {2019},
  publisher = {Elsevier}
}
@misc{somers2008,
    author={Somers, Virend K and White, David P and Amin, Raouf and Abraham, William T and Costa, Fernando and Culebras, Antonio and Daniels, Stephen and Floras, John S and Gislason, Thorarinn and Grote, Ludger and others},
    title={Sleep apnea and cardiovascular disease: an American Heart Association/american College Of Cardiology Foundation Scientific Statement from the American Heart Association Council for High Blood Pressure Research Professional Education Committee, Council on Clinical Cardiology, Stroke Council, and Council on Cardiovascular Nursing. In collaboration with the National Heart, Lung, and Blood Institute National Center on Sleep Disorders Research (National Institutes of Health)},
    journal={Circulation},
    volume={118},
    number={10},
    pages={1080--1111},
    year={2008},
    publisher={Am Heart Assoc}
}
@misc{guilleminault1983,
    author={Guilleminault, Christian and Connolly, S and Winkle, R},
    title={Cyclical variation of the heart rate in sleep apnoea syndrome. Mechanisms, and usefulness of 24 h electrocardiography as a screening technique},
    journal={The Lancet},
    volume={321},
    number={8316},
    pages={126--131},
    year={1983},
    publisher={Elsevier}
}
@misc{mehra2006,
    author={Mehra, Reena and Benjamin, Emelia J and Shahar, Eyal and Gottlieb, Daniel J and Nawab, Qanta and Kirchner, H Lester and Sahadevan, Jay and Redline, Susan},
    title={Association of nocturnal arrhythmias with sleep-disordered breathing: The Sleep Heart Health Study},
    journal={American journal of respiratory and critical care medicine},
    volume={173},
    number={8},
    pages={910--916},
    year={2006},
    publisher={American Thoracic Society}
}
@misc{linz2018,
    author={Linz, Dominik and McEvoy, R Doug and Cowie, Martin R and Somers, Virend K and Nattel, Stanley and ACCA},
    title={Associations of sleep apnea with heart failure and other cardiovascular diseases},
    journal={Nature Reviews Cardiology},
    volume={15},
    number={6},
    pages={357--370},
    year={2018},
    publisher={Nature Publishing Group}
}
@misc{berry2012,
    author={Berry, Richard B and Budhiraja, Rohit and Gottlieb, Daniel J and Gozal, David and Iber, Conrad and Kapur, Vishesh K and Marcus, Carole L and Mehra, Reena and Parthasarathy, Sairam and Quan, Stuart F and others},
    title={Rules for scoring respiratory events in sleep: update of the 2007 AASM Manual for the Scoring of Sleep and Associated Events. Deliberations of the Sleep Apnea Definitions Task Force of the American Academy of Sleep Medicine},
    journal={Journal of Clinical Sleep Medicine},
    volume={8},
    number={5},
    pages={597--619},
    year={2012},
    publisher={American Academy of Sleep Medicine}
}
@misc{vahdat2020,
    author={Vahdat, Arash and Kautz, Jan},
    title={NVAE: A deep hierarchical variational autoencoder},
    journal={Advances in Neural Information Processing Systems},
    volume={33},
    pages={19667--19679},
    year={2020}
}
@misc{sviridov2024,
    author={Sviridov, Timofey and Egorov, Evgenii},
    title={Conditional Normalizing-Flow-Enhanced VAEs for ECG Generation},
    journal={arXiv preprint arXiv:2402.01031},
    year={2024}
}
